@INPROCEEDINGS{6630591,
    author={M. {Ryll} and H. H. {Bülthoff} and P. R. {Giordano}},
    booktitle={2013 IEEE International Conference on Robotics and Automation},
    title={First flight tests for a quadrotor UAV with tilting propellers},
    year={2013},
}
@INFOPROCEEDINGS{KASTELAN201579,
    title = "Fully Actuated Tricopter with Pilot-Supporting Control. This work is supported in part by the German Research Foundation (DFG) in the framework of project “Regelung von Trikoptern beim gemeinsamen Transport von an Seilen aufgehäangten Lasten”.",
    year = "2015",
    note = "1st IFAC Workshop on Advanced Control and Navigation for Autonomous Aerospace Vehicles ACNAAV’15",
    author = "D. Kastelan and M. Konz and J. Rudolph",
    keywords = "UAV, attitude control, nonlinear control, vehicle dynamics, aerodynamics",
}
@INPROCEEDINGS{6699805,
    author={C. {Papachristos} and K. {Alexis} and A. {Tzes}},
    booktitle={IECON 2013 - 39th Annual Conference of the IEEE Industrial Electronics Society}, 
    title={Robust LPV H-inf gain-scheduled hover-to-cruise conversion for a tilt-wing rotorcraft in the presence of CG variations}, 
    year={2013},
    volume={},
    number={},
    pages={4174-4179},
}
@INPROCEEDINGS{4435028,
    author={J. J. {Dickeson} and D. {Miles} and O. {Cifdaloz} and V. L. {Wells} and A. A. {Rodriguez}},
    booktitle={2007 46th IEEE Conference on Decision and Control}, 
    title={Linear quadratic optimal trajectory-tracking control of a longitudinal thrust vectoring-enabled unmanned Tri-TiltRotor}, 
    year={2007},
    volume={},
    number={},
    pages={2773-2778},}
@INPROCEEDINGS{6896766,
    author={F. {Wang} and P. {Liu} and S. {Zhao} and B. M. {Chen} and S. K. {Phang} and S. {Lai} and T. H. {Lee} and C. {Cai}},
    booktitle={Proceedings of the 33rd Chinese Control Conference}, 
    title={Guidance, navigation and control of an unmanned helicopter for automatic cargo transportation}, 
    year={2014},
    volume={},
    number={},
    pages={1013-1020},}

@INPROCEEDINGS{automat,
    author = {Źrebiec, Jakub},
    year = {2016},
    month = {01},
    pages = {7},
    title = {Modelling of unmanned aerial vehicle – tricopter: Modelowanie bezzałogowego statku latającego typu tricopter},
    volume = {20},
    journal = {Automatyka/Automatics},}
@book{Bose2012,
    year = {2012},
    publisher = {Springer New York},
    author = {Tarit Bose},
    title = {Airbreathing Propulsion},}

@book{abraham_marsden_88:manifolds,
    title={Manifolds, Tensor Analysis, and Applications},
    author={Abraham, R. and Marsden, J. E. and Ratiu, T.},
    series={Applied Mathematical Sciences},
    year={1988},
    publisher={Springer},
    address={New York, NY},}

@book{cartan_71:diff_calculus,
    title={Differential calculus},
    author={Cartan, H.},
    year={1971},
    publisher={Hermann},
    address={Paris},}

@article{APC_data,
    author = {Brandt, John and Selig, Michael},
    year = {2011},
    month = {01},
    pages = {},
    title = {Propeller Performance Data at Low Reynolds Numbers},
    doi = {10.2514/6.2011-1255}}

@Book{natsiavas,
    author = {\foreignlanguage{greek}{Νατσίαβας, Σ.}},
    title = {\foreignlanguage{greek}{Εφαρμοσμένη δυναμική : θεωρία , εφαρμογές}},
    publisher = {\foreignlanguage{greek}{Ζήτη}},
    year = {1994},
    address = {\foreignlanguage{greek}{Θεσσαλονίκη}},
    isbn = {9789604312566},}

@book{Jnich1994,
    year = {1994},
     publisher = {Springer New York},
    author = {Klaus J\"{a}nich},
    title = {Linear Algebra}
}

@book{Sontag1998,
    year = {1998},
    publisher = {Springer New York},
    author = {Eduardo D. Sontag},
    title = {Mathematical Control Theory}
}

@book{lax_07:linear,
    title={Linear Algebra and Its Applications},
    author={Lax, P. D.},
    edition={2},
    series={Pure and Applied Mathematics: A Wiley Series of Texts, Monographs, and Tracts},
    year={2007},
    publisher={John Wiley \& Sons},
    address={Hoboken, NJ}
}

@inbook{Scherer,
    title = "Linear matrix inequalities in control",
    author = "C.W. Scherer and S. Weiland",
    year = "2011",
    isbn = "978-1420073645",
    editor = "W.S. Levine",
    booktitle = "The Control Systems Handbook, Second Edition: Control System Advanced Methods",
    publisher = "CRC Press",
}

@book{strang2006linear,
  title={Linear Algebra and Its Applications},
  author={Strang, G.},
  lccn={2005923623},
  url={https://books.google.gr/books?id=8QVdcRJyL2oC},
  year={2006},
  publisher={Thomson, Brooks/Cole}
}
@book{Lang1997,
  doi = {10.1007/978-1-4757-2698-5},
  url = {https://doi.org/10.1007/978-1-4757-2698-5},
  year = {1997},
  publisher = {Springer New York},
  author = {Serge Lang},
  title = {Undergraduate Analysis}
}
@book{Amann2005,
  doi = {10.1007/b137107},
  url = {https://doi.org/10.1007/b137107},
  year = {2005},
  publisher = {Birkh\"{a}user Basel},
  author = {Herbert Amann and Joachim Escher},
  title = {Analysis I}
}